@book{agua2006,
	title        = {{El agua en M{\'e}xico: lo que todas y todos debemos saber}},
	author       = {Fondo para la Comunicación y la Educación Ambiental, A.C.},
	year         = 2006,
	publisher    = {Fondo para la Comunicación y la Educación Ambiental, A.C.},
	address      = {México, D.F.},
}

@inbook{hernandez2021,
	title        = {La contaminación del río Atoyac y sus efectos socio-ambientales en San Mateo Ayecac, Tlaxcala},
	author       = {M. L. Hernández-Rodríguez},
	year         = 2021,
    note        ={[En linea]},
	booktitle    = {Río Atoyac: Hacia una Gestión Integral de una Problemática Multifactorial},
	publisher    = {El Colegio de Tlaxcala, A.C.},
	pages        = {25--54}
}
@inbook{lozano2021,
	title        = {Calidad del agua y contaminantes de la cuenca Alto Atoyac},
	author       = {S. A. Lozano Morales},
	year         = 2021,
    note        ={[En linea]},
	booktitle    = {Río Atoyac: Hacia una Gestión Integral de una Problemática Multifactorial},
	publisher    = {El Colegio de Tlaxcala, A.C.},
	pages        = {113--154}
}
@techreport{diagnostico2023,
	title        = {Dictamen diagnóstico ambiental: Río Sonora},
	author       = {''Secretaría de Medio Ambiente y Recursos Naturales''},
	year         = 2023,
        note        ={[En linea]},
	url          = {https://www.gob.mx/semarnat/documentos/dictamen-diagnostico-ambiental-rio-sonora},
	urldate      = {2024-10-13},
	institution  = {Secretaría de Medio Ambiente y Recursos Naturales}
}
@misc{monitoreo2023,
	title        = {{''Guía Básica para el Monitoreo Comunitario de Aguas Contaminadas''}},
	author       = {{Bajo Tierra Museo del Agua}},
	year         = 2023,
    note        ={[En linea]},
    note = {[En linea]},
	publisher    = {{Bajo Tierra Museo del Agua}},
	url          = {https://agua.org.mx/biblioteca/guia-basica-para-el-monitoreo-comunitario-de-aguas-contaminadas-en-queretaro/},
	urldate      = {2024-10-02}
    
}
@manual{uno2020,
	title        = {{´´Norma Oficial Mexicana NOM-127-SSA1-2021, Agua para uso y consumo humano. Límites permisibles de la calidad del agua´´}},
	author       = {{Agua.org.mx}},
	year         = 2020,
    note        ={[En linea]},
	publisher    = {{Diario Oficial de la Federación}},
	url          = {https://agua.org.mx/wp-content/uploads/2020/02/uno.pdf},
	urldate      = {2024-10-21}
}
@manual{articulo2023,
	title        = {{''Texto del artículo: Impacto y gestión del agua en comunidades rurales''}},
	author       = {{Agua.org.mx}},
	year         = 2023,
    note        ={[En linea]},
	publisher    = {{Agua.org.mx}},
	url          = {https://agua.org.mx/wp-content/uploads/2023/06/54697-Texto-del-articulo-172174-1-10-20230512.pdf},
	urldate      = {2024-10-21}
}
@article{chen2024,
	title        = {''Water surface garbage detection based on lightweight YOLOv5''},
	author       = {Luya Chen and Jianping Zhu},
	year         = 2024,
    note        ={[En linea]},
	journal      = {Scientific Reports},
	volume       = 14,
	number       = 6133,
	doi          = {10.1038/s41598-024-55051-3},
	url          = {https://doi.org/10.1038/s41598-024-55051-3}
}
@article{lechuga2023,
	title        = {''Sistema de monitoreo para cuerpos de agua en la ciudad de Cartagena basado en Internet de las Cosas''},
	author       = {Jair Lechuga Sierra, Amaury Cabarcas Álvarez, Plinio Puello Marrugo},
	year         = 2023,
    note        ={[En linea]},
	journal      = {Revista Colombiana de Ingeniería},
	doi          = {10.26507/paper.3383},
	url          = {https://doi.org/10.26507/paper.3383}
}
@article{syed2024,
	title        = {''Evaluation of LoRa Network Performance for Water Quality Monitoring Systems''},
	author       = {Syed Taha, S.N. and Abu Talip, M.S. and Mohamad, M. and Azizul Hasan, Z.H. and Tengku Mohmed Noor Izam, T.F.},
	year         = 2024,
    note        ={[En linea]},
	journal      = {Applied Sciences},
	publisher    = {MDPI},
	volume       = 14,
	number       = 7136,
	doi          = {10.3390/app14167136},
    
}
@thesis{ortega2024,
	title        = {Monitoreo de residuos sólidos en las riberas del río San Pedro mediante el reconocimiento de objetos con un dron},
	author       = {Daniel Francisco Ortega Chulde},
	year         = 2024,
	address      = {Quito, Ecuador},
	school       = {Universidad Politécnica Salesiana},
	type         = {Trabajo de titulación}
}
@thesis{fernandez2024,
	title        = {Detección y Clasificación de Contaminantes Plásticos en Entornos Acuáticos},
	author       = {Pablo Fernández Barrera},
	year         = 2024,
	school       = {Universidad de Sevilla},
	type         = {Trabajo Fin de Grado},
	tutor        = {Daniel Gutiérrez Reina}
}
@thesis{ramirez2022,
	title        = {Desarrollo de un sistema clasificador de contaminantes en una muestra de agua utilizando inteligencia artificial},
	author       = {Carlos Alberto Ramírez Quiroga},
	year         = 2022,
	address      = {Guayaquil, Ecuador},
	school       = {Universidad Politécnica Salesiana},
	type         = {Trabajo de Titulación},
	tutor        = {Víctor David Larco Torres}
}
@online{agua2024,
	title        = {{''Cuerpos de Agua en México''}},
	author       = {{Agua.org.mx}},
	year         = 2024,
    note        ={[En linea]},
	url          = {https://agua.org.mx/cuerpos-de-agua/},
	urldate      = {2024-10-23}
}
@thesis{benitez2024,
	title        = {Sistema telemático para el monitoreo y control de huertos urbanos basado en una red inalámbrica de sensores},
	author       = {K. D. Benitez Quiroz and E. Gallegos Salinas},
	year         = 2024,
	school       = {Instituto Politécnico Nacional},
	type         = {Trabajo de Titulación}
}
@online{agua2024contaminacion,
	title        = {{''Contaminación del Agua en México''}},
	author       = {{Agua.org.mx}},
	year         = 2024,
    note        ={[En linea]},
	url          = {https://agua.org.mx/agua-contaminacion-en-mexico/#a-que-llamamos-contaminacion},
	urldate      = {2024-10-24}
    
}
@online{nmx2000,
	title        = {{''NMX-AA-093-SCFI-2000: Análisis de agua - Determinación de la conductividad electrolítica - Método de prueba''}},
	author       = {{Agua.org.mx}},
	year         = 2000,
	url          = {https://agua.org.mx/biblioteca/nmx-aa-093-scfi-2000-analisis-de-agua-determinacion-de-la-conductividad-electrolitica-metodo-de-prueba/},
	urldate      = {2024-10-24},
    note        ={[En linea]}
}
@misc{swamp2023,
	title        = {''Oxygen Dissolved (OD) Guidance for Water Quality Monitoring''},
	author       = {State Water Resources Control Board},
	year         = 2023,
	url          = {https://www.waterboards.ca.gov/water_issues/programs/swamp/docs/cwt/guidance/3110sp.pdf},
    note        ={[En linea]}
}
@thesis{perez2024,
	title        = {Sistema de detección de nivel de  agua basado en una red inálambrica de sensores},
	author       = {A. D. Pérez Pérez and S. J. López Fuentes},
	year         = 2022,
	school       = {Instituto Politécnico Nacional},
	type         = {Trabajo de Titulación}
}
@book{fernandez2009,
	title        = {Redes inal{\'a}mbricas de sensores: Teor{\'i}a y aplicaci{\'o}n pr{\'a}ctica},
	author       = {Roberto Fern{\'a}ndez Mart{\'i}nez and Joaqu{\'i}n Ordieres Mer{\'e} and Francisco Javier Mart{\'i}nez de Pis{\'o}n Ascac{\'i}bar and Ana Gonz{\'a}lez Marcos and Fernando Alba El{\'i}as and Rub{\'e}n Lostado Lorza and Alpha Ver{\'o}nica Pern{\'i}a Espinoza},
	year         = 2009,
	publisher    = {Universidad de La Rioja, Servicio de Publicaciones},
	address      = {Logroño, España},
	series       = {Ingenier{\'i}as},
	volume       = 26,
	isbn         = {978-84-692-3007-7}
}
@article{gerenciatecnologicainformatica2013,
    title={''Análisis de protocolos para redes inalámbricas de sensores''},
    author={Gerencia Tecnológica Informática},
    journal={Gerencia Tecnológica Informática},
    volume={12},
    number={33},
    year={2013},
    url={https://biblat.unam.mx/hevila/Gerenciatecnologicainformatica/2013/vol12/no33/6.pdf},
    urldate ={2024-11-17},
    note        ={[En linea]}
}

@article{fernandez2008,
	title        = {{Wireless Sensor Network}},
	author       = {M. Fernandez Barcell},
	year         = 2008,
	journal      = {{Colegio Oficial Asociación Española, Ingenieros de Telecomunicación. Consulta}},
	volume       = 13
}
@manual{wirepas2011,
	title        = {{''WIREPAS Project Overview''}},
	author       = {{Tampere University of Technology}},
	year         = 2011,
	url          = {http://www.tkt.cs.tut.fi/research/daci/cp_wirepas_overview.html},
    note        ={[En linea]}
}
@online{visionartificial,
	title        = {{''Visión Artificial''}},
	author       = {{ETI Tudela}},
	year         = 2024,
	url          = {http://etitudela.com/celula/downloads/visionartificial.pdf},
	urldate      = {2024-10-24},
    note        ={[En linea]}
}
@online{visionartificialunirioja,
	title        = {{''Visión Artificial''}},
	author       = {{Universidad de La Rioja}},
	year         = 2024,
	url          = {https://publicaciones.unirioja.es/catalogo/online/VisionArtificial.pdf},
	urldate      = {2024-10-24},
    note        ={[En linea]}
}
@online{visionporcomputador,
	title        = {{''Visión por Computador''}},
	author       = {{Vision por Computador}},
	year         = 2024,
	url          = {http://www.visionporcomputador.es/libroVision/VisionPorComputador.pdf},
	urldate      = {2024-10-24},
    note        ={[En linea]}
}
@online{ionos2024,
	title        = {{''¿Qué es un servidor? Un concepto, dos definiciones''}},
	author       = {{IONOS}},
	year         = 2024,
	url          = {https://www.ionos.mx/digitalguide/servidores/know-how/que-es-un-servidor-un-concepto-dos-definiciones/},
	urldate      = {2024-10-24},
    note        ={[En linea]}
}

@misc{guiaMonitoreo2024,
  title        = {{Guía de Monitoreo Participativo Primera Alerta}},
  author       = {{Comisión Nacional del Agua (CONAGUA)}},
  year         = {2024},
  publisher    = {Comisión Nacional del Agua}
}

@misc{waterQualitySensors,
  title        = {{''Water Quality Sensors: A Comprehensive Overview''}},
  author       = {{Sensor1Stop}},
  year         = {2024},
  url          = {https://sensor1stop.com/es/knowledge/water-quality-sensors/},
  urldate      = {2024-11-21},
    note        ={[En linea]}
}

@misc{visionArtificial2024,
  title        = {{''Visión Artificial: Fundamentos y Aplicaciones''}},
  author       = {Publicaciones de la Universidad de La Rioja},
  year         = {2024},
  url          = {https://publicaciones.unirioja.es/catalogo/online/VisionArtificial.pdf},
  urldate      = {2024-11-21},
    note        ={[En linea]}
}

@article{redalyc2006,
    title={''Sistemas de Información Geográfica para la gestión de redes de sensores inalámbricos''},
    author={Redondo, José L. and Gómez, Alberto},
    journal={Ingeniería y Desarrollo},
    volume={20},
    number={10},
    year={2006},
    url={https://www.redalyc.org/pdf/421/42118510.pdf},
    urldate = {2024-11-27},
    note        ={[En linea]}
}

@book{botello2022protocolo,
  author       = {Francisco Javier Botello López and Catalina Vázquez Camacho and Fernando Mayani Parás and Marisol Eliut Vega Orihuela and Sharon Patricia Morales Díaz},
  title        = {''Protocolo para el monitoreo ecosistémico de cuerpos lóticos (ríos y arroyos) en Áreas Naturales Protegidas''},
  year         = {2022},
  publisher    = {Conservación Biológica y Desarrollo Social, A.C.},
  address      = {México},
    note        ={[En linea]},
  url          = {https://www.conbiodes.com/}
}

@manual{nmx0082016,
  title        = {NMX-AA-008-SCFI-2016: Análisis de agua - Medición del pH en aguas naturales, residuales y residuales tratadas - Método de prueba},
  year         = {2016},
  organization = {Secretaría de Economía},
}

@manual{nmx0122001,
  title        = {NMX-AA-012-SCFI-2001: Análisis de agua - Determinación de oxígeno disuelto en aguas naturales, residuales y residuales tratadas - Método de prueba},
  year         = {2001},
  organization = {Secretaría de Economía},
}

@manual{nmx0382001,
  title        = {NMX-AA-038-SCFI-2001: Análisis de agua - Determinación de turbiedad en aguas naturales, residuales y residuales tratadas - Método de prueba},
  year         = {2001},
  organization = {Secretaría de Economía},
}

@manual{nmx0932000,
  title        = {NMX-AA-093-SCFI-2000: Análisis de agua - Determinación de la conductividad electrolítica - Método de prueba},
  year         = {2000},
  organization = {Secretaría de Economía},
}

@misc{conagua2022,
  author       = {CONAGUA},
  title        = {Indicadores de la calidad del agua superficial y subterránea: Red Nacional de Medición de la Calidad del Agua (RENAMECA)},
  year         = {2022},
  organization = {Comisión Nacional del Agua},
  address      = {México}
}


@online{conagua2024,
  author       = {CONAGUA},
  title        = {''Sistema Nacional de Información de Calidad del Agua (ICA)''},
  year         = {2024},
  organization = {Comisión Nacional del Agua},
  address      = {México},
        note        ={[En linea]},
  url          = {https://app.conagua.gob.mx/ICA/Contenido?n1=1&n2=1}
}

@misc{LAN2024,
  author = {{Comisión Nacional del Agua (CONAGUA)}},
  title = {Ley de Aguas Nacionales},
  year = {2004},
  note = {Última reforma publicada el 29 de abril de 2004},
  howpublished = {\url{https://www.diputados.gob.mx/LeyesBiblio/pdf/LAN.pdf}},
}

@misc{iso5667,
  author = {{ICONTEC}},
  title = {NTC-ISO 5667-1: Calidad del agua. Muestreo. Parte 1: Directrices para el diseño del programa de muestreo},
  year = {2007},
  note = {Instituto Colombiano de Normas Técnicas y Certificación},
  howpublished = {\url{https://www.icontec.org}}
}

@misc{iso5667-10,
  author = {{ICONTEC}},
  title = {NTC-ISO 5667-10: Gestión ambiental. Calidad de agua. Muestreo. Muestreo de aguas residuales},
  year = {1995},
  note = {Instituto Colombiano de Normas Técnicas y Certificación},
  howpublished = {\url{https://www.icontec.org}}
}

@misc{nom001,
  author = {{Secretaría de Medio Ambiente y Recursos Naturales (SEMARNAT)}},
  title = {NOM-001-SEMARNAT-2021: Que establece los límites permisibles de contaminantes en las descargas de aguas residuales en cuerpos receptores propiedad de la nación},
  year = {2022},
  note = {Publicado en el Diario Oficial de la Federación el 11 de marzo de 2022},
  howpublished = {\url{https://www.dof.gob.mx/nota_detalle.php?codigo=5655520&fecha=11/03/2022}}
}
@online{estepais2024,
  author = {Castañón, A. E. and Arroyo, E. R. and Ortega, A. M.},
  title = {Calidad del agua en México, un reto vital},
  year = {2024},
  url = {https://estepais.com/ambiente/calidad-agua-mexico-reto-vital/},
  note = {Publicado en Este País, abril de 2024}
}

@misc{DFRobot_EC_Sensor,
    author = {{DFRobot}},
    title = {{Gravity: Analog Electrical Conductivity Sensor / Meter V2 (K=1) - DFR0300}},
    year = {2023},
    url = {https://wiki.dfrobot.com/Gravity__Analog_Electrical_Conductivity_Sensor___Meter_V2__K=1__SKU_DFR0300},
    note = {Accedido el 22-05-2025},
    howpublished = {\url{https://wiki.dfrobot.com/Gravity__Analog_Electrical_Conductivity_Sensor___Meter_V2__K=1__SKU_DFR0300}}
}


@misc{AtlasScientific_Conductivity,
    author = {{Atlas Scientific}},
    title = {{EZO\texttrademark~ Conductivity Circuit}},
    year = {2023},
    url = {https://atlas-scientific.com/embedded-solutions/ezo-conductivity-circuit/},
    note = {Accedido el 22-05-2025},
    howpublished = {\url{https://atlas-scientific.com/embedded-solutions/ezo-conductivity-circuit/}}
}

@misc{DFRobot_pH_Sensor,
    author = {{DFRobot}},
    title = {{Gravity: Analog pH Sensor/Meter Kit V2 (SEN0161-V2)}},
    year = {2023},  % Ajusta si conoces el año de publicación exacto
    url = {https://wiki.dfrobot.com/Gravity__Analog_pH_Sensor_Meter_Kit_V2_SKU_SEN0161-V2},
    note = {Accedido el 22-05-2025},  % Cambia la fecha según tu acceso
    howpublished = {\url{https://wiki.dfrobot.com/Gravity__Analog_pH_Sensor_Meter_Kit_V2_SKU_SEN0161-V2}}
}



@misc{AtlasScientific_pH_Kit,
    author = {{Atlas Scientific}},
    title = {{pH Kit}},
    year = {2024},  % Ajusta según fecha de publicación/lanzamiento
    url = {https://atlas-scientific.com/kits/ph-kit/},
    urldate = {2025-05-22},  % Formato ISO (actualiza al día de acceso)
    note = {Product technical specifications},
    organization = {Atlas Scientific},
    address = {New York, USA},
    howpublished = {\url{https://atlas-scientific.com/kits/ph-kit/}}
}


@manual{DFRobot_DO_Sensor,
    author = {{DFRobot}},
    title = {{Gravity: Analog Dissolved Oxygen Sensor (SEN0237)}},
    year = {2022},  % Update year based on page copyright or version history
    edition = {1.0},  % Version if available
    url = {https://wiki.dfrobot.com/Gravity__Analog_Dissolved_Oxygen_Sensor_SKU_SEN0237},
    urldate = {2025-05-22},  % ISO 8601 format (YYYY-MM-DD)
    note = {Technical wiki documentation},
    organization = {DFRobot Co., Ltd.},
    address = {Building 3, No. 1080, Qinzhou North Road,
               Shanghai, China},
    howpublished = {\url{https://wiki.dfrobot.com/Gravity__Analog_Dissolved_Oxygen_Sensor_SKU_SEN0237}},
    series = {Gravity Series},  % Product line information
    month = {3}  % Add if known from version history
}

@techreport{Atlas_DO_Sensor_Manual,
    author = {{Atlas Scientific}},
    title = {{EZO\texttrademark~DO Circuit Technical Manual}},
    type = {Firmware Documentation},
    number = {DOC-21044},  % Check manual footer
    institution = {Atlas Scientific LLC},
    year = {2024},
    address = {Brooklyn, NY},
    url = {https://atlas-scientific.com/files/EZO_DO_Datasheet.pdf}
}

@manual{DFRobot_Turbidity_Sensor,
    author = {{DFRobot Co., Ltd.}},
    title = {{Turbidity Sensor (SEN0189)}},
    year = {2021},  % From wiki page copyright
    url = {https://wiki.dfrobot.com/Turbidity_sensor_SKU__SEN0189},
    urldate = {2025-05-22},  % Update to access date
    note = {Gravity Series Analog Sensor Documentation},
    organization = {DFRobot Co., Ltd.},
    address = {Building 3, No.1080 Qinzhou North Rd, 
              Shanghai 200233, China},
    howpublished = {\url{https://wiki.dfrobot.com/Turbidity_sensor_SKU__SEN0189}},
    series = {Gravity Series},
    version = {1.1},  % Check wiki history for updates
}

@manual{DFRobot_DS18B20,
    author = {{DFRobot Co., Ltd.}},
    title = {{Waterproof DS18B20 Digital Temperature Sensor (DFR0198)}},
    year = {2020},  % Año del copyright en la página
    url = {https://wiki.dfrobot.com/Waterproof_DS18B20_Digital_Temperature_Sensor__SKU_DFR0198},
    urldate = {2025-05-22},  % Fecha de acceso (formato ISO)
    note = {Documentación técnica del producto},
    organization = {DFRobot Co., Ltd.},
    address = {Building 3, No.1080 Qinzhou North Rd, Shanghai, China},
    howpublished = {\url{https://wiki.dfrobot.com/Waterproof_DS18B20_Digital_Temperature_Sensor__SKU_DFR0198}},
    series = {Gravity Series},
    version = {1.2}  % Verificar en el historial de la wiki
}

@manual{Atlas_EZO_RTD,
    author = {{Atlas Scientific LLC}},
    title = {{EZO\texttrademark~RTD Temperature Circuit}},
    year = {2023},  % Año de lanzamiento (verificar en página)
    url = {https://atlas-scientific.com/embedded-solutions/ezo-rtd-temperature-circuit/},
    urldate = {2025-05-22},  % Fecha de acceso actual
    note = {Documentación técnica para integración embebida},
    organization = {Atlas Scientific LLC},
    address = {300 7th St, Brooklyn, NY 11215, USA},
    howpublished = {\url{https://atlas-scientific.com/embedded-solutions/ezo-rtd-temperature-circuit/}},
    series = {EZO\texttrademark~Embedded Series},
    version = {2.0}  % Verificar en manual o PCB
}


@misc{cnnIBM,
  title = {¿Qué son las redes neuronales convolucionales?},
  author = {IBM},
  year = {2024},
  url = {https://www.ibm.com/mx-es/think/topics/convolutional-neural-networks},
  note = {Consultado el 26 de mayo de 2025}
}


@misc{azureBD,
  title = {¿Qué son las bases de datos?},
  author = {Microsoft Azure},
  year = {2024},
  url = {https://azure.microsoft.com/es-mx/resources/cloud-computing-dictionary/what-are-databases},
  note = {Consultado el 26 de mayo de 2025}
}


@book{Espana2003,
    author = {España Boquera, M. C.},
    title = {Servicios avanzados de telecomunicación},
    publisher = {Ediciones Díaz de Santos},
    year = {2003}
}

@book{Stanek2014,
    author = {Stanek, W.},
    title = {Web Server Administration. The Personal Trainer for IIS 7.0 and IIS 7.5},
    publisher = {RP Books \& Audio},
    year = {2014}
}

@misc{Britannica2024,
    author = {The Editors of Encyclopaedia Britannica},
    title = {Server},
    year = {2024},
    howpublished = {Encyclopedia Britannica}
}

@book{Mancera2015,
    author = {Mancera Bravo, D.},
    title = {Selección, instalación, configuración y administración de los servidores de transferencia de archivos},
    publisher = {Editorial Elearning},
    year = {2015}
}


@book{Mullins2012,
    author = {Craig S. Mullins},
    title = {Database Administration},
    publisher = {Addison-Wesley},
    year = {2012}
}

@article{Mell2011,
    author = {Peter Mell and Timothy Grance},
    title = {The NIST Definition of Cloud Computing},
    journal = {NIST Special Publication},
    year = {2011},
    volume = {800-145}
}


@article{egas2021red,
  title={Red inalámbrica de sensores con topología lineal sin capa de red},
  author={Egas Acosta, Carlos and Gil-Castiñeira, Felipe and Costa-Montenegro, Enrique},
  journal={RITI Journal},
  volume={9},
  number={17},
  year={2021},
  doi={10.36825/RITI.09.17.006},
  url={https://doi.org/10.36825/RITI.09.17.006},
  note={Consultado el 26 de mayo de 2025}
}


@article{perez2014metodologia,
  title={Metodología para el diseño de una red de sensores inalámbricos},
  author={P{\'e}rez, Juan and Urdaneta, Elizabeth and Custodio, {\'A}ngel},
  journal={Universidad, Ciencia y Tecnología},
  volume={18},
  number={70},
  year={2014},
  pages={12--22},
  note={Consultado el 26 de mayo de 2025},
  url={https://dialnet.unirioja.es/servlet/articulo?codigo=7635460}
}

@article{Collotta2017,
  author={Collotta, Mario and Pau, Giovanni and Talty, Timothy and Tonguz, Ozan K.},
  journal={IEEE Communications Magazine}, 
  title={Bluetooth 5: A Concrete Step Forward toward the IoT}, 
  year={2018},
  volume={56},
  number={7},
  pages={125-131},
  keywords={Bluetooth;Standards;Internet of Things;Wireless communication;Power demand;Wireless fidelity;Data communication},
  doi={10.1109/MCOM.2018.1700053}
}

@article{Adame2014,
  author={Adame, Toni and Bel, Albert and Bellalta, Boris and Barcelo, Jaume and Oliver, Miquel},
  journal={IEEE Wireless Communications}, 
  title={IEEE 802.11AH: the WiFi approach for M2M communications}, 
  year={2014},
  volume={21},
  number={6},
  pages={144-152},
  keywords={IEEE 802.11 Standards;Wireless sensor networks;Downlink;Uplink;Data models;Machine-to-machine communication},
  doi={10.1109/MWC.2014.7000982}
}

@techreport{cheshire2009directrices,
  author = {Cheshire, Anthony C. and Adler, Eric and Barbière, Julien and Cohen, Yoni and Evans, Stephen and Jarayabhand, Seree and Jeftic, Ljubomir and Jung, Rüdiger and Kinsey, Stuart and Kusui, Eiji and Lavine, Irina and Manyara, Peter and Oosterbaan, Lida and Pereira, Monica and Sheavly, Seba and Tkalin, Alexander and Varadarajan, Swaminathan and Wenneker, Bert and Westphalen, Gert},
  title = {Directrices para encuestas y monitoreo de basura marina},
  institution = {Programa de las Naciones Unidas para el Medio Ambiente (PNUMA)},
  series = {UNEP Regional Seas Reports and Studies No. 186 / IOC Technical Series No. 83},
  year = {2009},
  address = {Nairobi, Kenia},
  url = {https://wedocs.unep.org/handle/20.500.11822/13605}
}
@techreport{IALA_2013_Hydrostatic,  
  author       = "{International Association of Marine Aids to Navigation and Lighthouse Authorities (IALA)}",  
  title        = "{IALA} Guide n\textdegree 1099 on Buoy Hydrostatic Design",  
  year         = "2013",   
  institution  = "IALA",  
  address      = "10, rue des Gaudines, 78100 Saint Germain en Laye, France",  
  note         = "Edition 1",  
  url          = "https://www.iala-aism.org",  
  language     = "es"  
}  


@article{faustine2014,
  title = {Wireless Sensor Networks for Water Quality Monitoring and Control within Lake Victoria Basin: Prototype Development},
  author = {Faustine, Anthony and Mvuma, Aloys N. and Mongi, Hector J. and Gabriel, Maria C. and Tenge, Albino J. and Kucel, Samuel B.},
  journal = {Wireless Sensor Network},
  volume = {6},
  pages = {281--290},
  year = {2014},
  month = {12},
  issn = {1945-3078},
  doi = {10.4236/wsn.2014.612027},
  url = {http://www.scirp.org/journal/wsn},
  publisher = {Scientific Research Publishing},
  abstract = {The paper presents a low-cost WSN prototype for real-time water quality monitoring in Lake Victoria, using Arduino, ZigBee, and GPRS technologies.}
}

@article{lopez2023,
    author={López-Ramírez, Gustavo Adulfo and Aragón-Zavala, Alejandro},
    journal={IEEE Access}, 
    title={Wireless Sensor Networks for Water Quality Monitoring: A Comprehensive Review}, 
    year={2023},
    volume={11},
    number={},
    pages={95120-95142},
    keywords={Wireless sensor networks;Monitoring;Water quality;Wireless communication;Data visualization;Reliability;Quality of service;Water monitoring;Internet of Things;Bluetooth;Microcontrollers;Zigbee;Machine learning;Wireless sensor networks;water quality monitoring;IoT;wireless sensor node;microcontroller unit;energy management;IEEE 80211ah;Zigbee;bluetooth;Sigfox;LoRa;NB-IoT;machine learning},
    doi={10.1109/ACCESS.2023.3308905}
}


@manual{EspressifESP32S3,
  title        = {ESP32-S3-WROOM-1 \& WROOM-1U Datasheet},
  author       = {Espressif Systems},
  organization = {Espressif Systems},
  year         = {2022},
  month        = {3},
  url          = {https://www.espressif.com/sites/default/files/documentation/esp32-s3-wroom-1_wroom-1u_datasheet_en.pdf},
  note         = {Versión v1.1},
  urldate      = {2024-07-15}
}

@manual{SeeedWioE5LE,
  title        = {Wio-E5-LE Module Datasheet},
  author       = {Seeed Studio},
  organization = {Seeed Studio},
  year         = {2024},
  month        = {5},  
  url          = {https://files.seeedstudio.com/products/114993120/Wio-E5-LE%20module%20datasheet_v1.0.pdf},
  note         = {Versión v1.0},
  urldate      = {2025-06-22} 
}

@manual{QuectelFGH100M,
  title        = {Quectel FGH100M Short Range Module Specification},
  author       = {Quectel Wireless Solutions},
  organization = {Quectel},
  year         = {2024},
  month        = {3},
  url          = {https://quectel.com/content/uploads/2024/03/Quectel_FGH100M_Short-Range_Module_Specification_V1.1.pdf},
  note         = {Versión v1.1},
  urldate      = {2025-06-22}
}

@manual{DigiXBeeS2C,
  title        = {XBee® S2C 802.15.4 RF Module Datasheet},
  author       = {Digi International},
  organization = {Digi International},
  year         = {2024},
  month        = {3}, 
  url          = {https://www.digi.com/resources/library/data-sheets/ds_xbee-s2c-802-15-4},
  note         = {Versión v1.1}, 
  urldate      = {2025-06-22}
}

@manual{HC05Datasheet,
  title        = {HC-05 Bluetooth Module Datasheet},
  author       = {{Unknown Manufacturer}}, 
  organization = {Components101}, 
  year         = {2020},  
  month        = {5},  
  url          = {https://components101.com/sites/default/files/component_datasheet/HC-05%20Datasheet.pdf},
  note         = {Versión no especificada},
  urldate      = {2025-06-22},
  type         = {Datasheet}
}

@online{iaunam,
    title        = {{''Apuntes de Inteligencia Artificial''}},
    author       = {{FCA en Línea - UNAM}},
    year         = 2024,
    url          = {http://fcaenlinea1.unam.mx/apuntes/interiores/docs/98/7/Apuntes%20de%20Inteligencia%20Artificial.pdf},
    urldate      = {2025-07-04},
    note         = {[En línea]}
}

@article{avila2020plant,
    title        = {ESTUDIO Y COMPARATIVA DE ALGORITMOS DE DETECCIÓN DE OBJETOS CON REDES NEURONALES ARTIFICIALES CONVOLUCIONALES PARA LA DETECCIÓN DE ENFERMEDADES EN HOJAS.},
    author       = {Ávila-George, Hiram and Ortega-López, Vanessa and Torres-Carranza, Rafael and Llamas-Ramos, Raúl and García-Capulin, Candelario H.},
    journal      = {AMIA 2020 - Advances in Artificial Intelligence},
    year         = {2020},
    pages        = {1--8},
    url          = {http://ricaxcan.uaz.edu.mx/jspui/bitstream/20.500.11845/1623/1/Articulo%20AMIA_%20STUDY%20AND%20COMPARISON%20OF%20OBJECTS%20DETECTION%20ALGORITHMS%20USING%20CONVOLUTIONAL%20NEURAL%20NETWORKS%20FOR%20PLANT%20DISEASES%20DETECTION%20IN%20LEAVES.pdf},
    urldate      = {2025-07-04},
    note         = {[En línea]}
}

@mastersthesis{sanchez2020evaluacion,
    title     = {Evaluación de algoritmos de detección de objetos basados en deep learning para detección de incidencias en carreteras},
    author    = {Jorge Sánchez-Alor Expósito},
    year      = {2020},
    school    = {Universidad de Valladolid},
    type      = {Trabajo Fin de Grado},
    address   = {Valladolid},
    month     = {9},
    url       = {https://uvadoc.uva.es/bitstream/handle/10324/43277/TFG-G4450.pdf?sequence=1},
    urldate   = {2025-07-04},
    note      = {[En línea]. Tutores: Juan Pablo Casaseca de la Higuera, Javier Aguiar Pérez}
}


@mastersthesis{centeno2019deep,
    title        = {{Deep Learning}},
    author       = {Alba Centeno Franco},
    year         = {2019},
    school       = {Universidad de Sevilla},
    type         = {Trabajo Fin de Grado},
    address      = {Sevilla},
    month        = {6},
    url          = {https://idus.us.es/handle/11441/96206},
    urldate      = {2025-07-04},
    note         = {[En línea]}
}

@book{Goodfellow-et-al-2016,
    title={Deep Learning},
    author={Ian Goodfellow and Yoshua Bengio and Aaron Courville},
    publisher={MIT Press},
    note={\url{http://www.deeplearningbook.org}},
    year={2016}
}

@book{iaavanzada,
    title     = {Inteligencia Artificial Avanzada},
    author    = {Raúl Benítez and Andrés Cencerrado Barraqué and Gerard Escudero and Samir Kanaan},
    year      = {2024},
    publisher = {PID\_00250574},
    urldate   = {2025-07-04}
}

@article{terven2023yolo,
    title     = {A Comprehensive Review of YOLO: From YOLOv1 to YOLOv8 and Beyond},
    author    = {Juan R. Terven and Diana M. Cordova-Esparaza},
    year      = {2023},
    journal   = {arXiv preprint arXiv:2304.00501},
    note      = {Under review in ACM Computing Surveys},
    url       = {https://arxiv.org/abs/2304.00501},
    urldate   = {2025-07-04}
}
@article{sapkota2025yolo,
    title     = {YOLO advances to its genesis: a decadal and comprehensive review of the You Only Look Once (YOLO) series},
    author    = {Ranjan Sapkota and Marco Flores-Calero and Rizwan Qureshi and Chetan Badgujar and Upesh Nepal and Alwin Poulose and Peter Zeno and Uday Bhanu Prakash Vaddevolu and Sheheryar Khan and Maged Shoman and Hong Yan and Manoj Karkee},
    journal   = {Artificial Intelligence Review},
    volume    = {58},
    year      = {2025},
    doi       = {10.1007/s10462-025-11253-3},
    url       = {https://doi.org/10.1007/s10462-025-11253-3},
    urldate   = {2025-07-04},
    note      = {Accepted: 2 May 2025}
}
@article{wang2024yolosurvey,
    title     = {YOLO Survey, August 2024: YOLOv1 to YOLOv10: The fastest and most accurate real-time object detection systems},
    author    = {Chien-Yao Wang and Hong-Yuan Mark Liao},
    year      = {2024},
    journal   = {arXiv preprint arXiv:2408.09332},
    url       = {https://arxiv.org/pdf/2408.09332},
    urldate   = {2025-07-04},
    note      = {Institute of Information Science, Academia Sinica, Taiwan, National Taipei University of Technology, Taiwan, National Chung Hsing University, Taiwan. Emails: \{kinyiu, liao\}@iis.sinica.edu.tw}
}


@online{supermicro2024,
  author  = {Supermicro},
  title   = {{What Is Client-Server Architecture?}},
  year    = {2024},
  url     = {https://www.supermicro.com/en/glossary/client-server-architecture},
  urldate = {2025-10-15}
}

@techreport{mell2011nist,
  author      = {Mell, Peter and Grance, Timothy},
  title       = {{The NIST Definition of Cloud Computing}},
  institution = {National Institute of Standards and Technology},
  year        = {2011},
  number      = {800-145},
  type        = {Special Publication},
  doi         = {10.6028/NIST.SP.800-145}
}

@online{nordlayer2024,
  author  = {NordLayer},
  title   = {{On-premise vs. cloud computing: definition and differences}},
  year    = {2024},
  url     = {https://nordlayer.com/blog/on-premise-vs-cloud-differences/},
  urldate = {2025-10-15}
}

@online{softteco2024,
  author  = {SoftTeco},
  title   = {{On-Premise vs. Cloud: The Debate Over IT Infrastructure}},
  year    = {2024},
  url     = {https://softteco.com/blog/on-premise-vs-cloud},
  urldate = {2025-10-15}
}

@online{gartner2023magic,
  author  = {Gartner},
  title   = {{Magic Quadrant for Strategic Cloud Platform Services}},
  year    = {2023},
  note    = {Reporte de la industria, accesible a través de los proveedores de nube.}
}

@online{qainsights2024,
  author  = {QAInsights},
  title   = {{Understanding AWS Core Services: EC2, S3, RDS, and Lambda}},
  year    = {2024},
  url     = {https://qainsights.com/understanding-aws-core-services-ec2-s3-rds-and-lambda/},
  urldate = {2025-10-15}
}

@online{googlecloud2024products,
  author  = {Google Cloud},
  title   = {{Google Cloud Products}},
  year    = {2024},
  url     = {https://cloud.google.com/products},
  urldate = {2025-10-15}
}

@online{azure2024products,
  author  = {Microsoft Azure},
  title   = {{Azure Products Directory}},
  year    = {2024},
  url     = {https://azure.microsoft.com/en-us/products/},
  urldate = {2025-10-15}
}

@online{azure2024storage,
  author  = {Microsoft Learn},
  title   = {{Introduction to Azure Storage}},
  year    = {2024},
  url     = {https://learn.microsoft.com/en-us/azure/storage/common/storage-introduction},
  urldate = {2025-10-15}
}

@online{googlecloud2024sql,
  author  = {Google Cloud},
  title   = {{Cloud SQL overview}},
  year    = {2024},
  url     = {https://cloud.google.com/sql/docs/introduction},
  urldate = {2025-10-15}
}

@online{varonis2024,
  author  = {Varonis},
  title   = {{AWS vs Azure vs Google: Cloud Services Comparison}},
  year    = {2024},
  url     = {https://www.varonis.com/blog/aws-vs-azure-vs-google},
  urldate = {2025-10-15}
}

@online{coursera2024,
  author  = {Coursera},
  title   = {{What's the Difference Between AWS vs. Azure vs. Google Cloud?}},
  year    = {2024},
  url     = {https://www.coursera.org/articles/aws-vs-azure-vs-google-cloud},
  urldate = {2025-10-15}
}

@online{datacamp2024,
  author  = {DataCamp},
  title   = {{AWS vs. Azure vs. Google Cloud: A Complete Comparison}},
  year    = {2024},
  url     = {https://www.datacamp.com/blog/aws-vs-azure-vs-gcp},
  urldate = {2025-10-15}
}

@online{aws2024freetier,
  author  = {Amazon Web Services},
  title   = {{AWS Free Tier}},
  year    = {2024},
  url     = {https://aws.amazon.com/free/},
  urldate = {2025-10-15}
}